@Manual{RFC3550,
	title = {RTP: A Transport Protocol for Real-Time Applications},
	author = {H. Schulzrinne (Columbia University) S. Casner (csomagtervezés) R. Frederick (Blue Coat Systems Inc.) V. Jacobson (csomagtervezés)},
	organization = {\url{https://www.ietf.org}},
	note = {\url{https://tools.ietf.org/html/rfc3550}},
	year = {2013},
	month = {Július},
}

@Manual{RFC3261,
	title = {SIP: Session Initiation Protocol},
	author = {J. Rosenberg (dynamicsoft) H. Schulzrinne (Columbia U.) G. Camarillo (Ericsson) A. Johnston (WorldCom) J. Peterson (Neustar) R. Sparks (dynamicsoft) M. Handley (ICIR) E. Schooler (AT \& T)},
	organization = {\url{https://www.ietf.org}},
	month = {Június},
	year = {2002},
	note = {\url{https://tools.ietf.org/html/rfc3261}},
}

@misc{servicemeshcon_2020,
	author={Gábor Rétvári},
	title={{L7mp}: A Multiprotocol Service Mesh for Legacy Applications},
	year={2020},
	howpublished={ServiceMeshCon NA 2020, colocated with KubeCon +
	CloudNativeCon North America},
	url = {https://sched.co/fJEm},
	note = {video available at https://www.youtube.com/watch?v=4oTP91yfF3g}
}

@Manual{proxy,
	title = {L7mp proxy API},
	author = {Dr. Rétvári Gábor Ferenc (BME) Dr. Németh Felicián (BME) Dávid Kornél},
	month = {November},
	year = {2020},
	note = {\url{https://github.com/l7mp/l7mp/blob/master/openapi/l7mp-openapi.yaml}},
}

@Manual{kubeProxy,
	title = {L7mp proxy Kubernetes API},
	author = {Dr. Rétvári Gábor Ferenc (BME) Dr. Németh Felicián (BME)},
	month = {November},
	year = {2020},
	note = {\url{https://github.com/l7mp/l7mp/blob/master/openapi/l7mp-openapi.2.yaml}},
}

@Manual{kubeAPI,
	title = {Kubernetes API},
	organization = {The Linux Foundation},
	month = {Január},
	year = {2021},
	note = {\url{https://kubernetes.io/docs/reference/kubernetes-api/}},
}

@Manual{rtpengine,
	title = {rtpengine features},
	organization = {Sipwise},
	month = {Április},
	year = {2021},
	note = {\url{https://github.com/sipwise/rtpengine#features}},
}

@Manual{rtpengineng,
	title = {rtpengine ng control protocol},
	organization = {Sipwise},
	month = {Április},
	year = {2021},
	note = {\url{https://github.com/sipwise/rtpengine#the-ng-control-protocol}},
}

@Manual{kamailio,
	title = {Kamailio 5.4.x Core Cookbook},
	organization = {Kamailio},
	month = {Augusztus},
	year = {2020},
	note = {\url{https://www.kamailio.org/wiki/cookbooks/5.4.x/core}},
}

@Manual{kubespray,
	title = {Kubespray},
	organization = {Kubernetes SIGs},
	month = {Április},
	year = {2021},
	note = {\url{https://github.com/kubernetes-sigs/kubespray}},
}

@Manual{ansible,
	title = {Ansible},
	organization = {Red Hat, Inc.},
	year = {2021},
	note = {\url{https://www.ansible.com/}},
}

@Manual{oded,
	title = {Support zero-knowledge scaling of RTPEngine},
	organization = {Cloudonix.io},
	author = {Oded Arbel},
	year = {2019},
	note = {\url{https://github.com/sipwise/rtpengine/pull/892}},
}

@Manual{pythonKubeAPI,
	title = {Kubernetes Python Client},
	author = {\url{https://github.com/engn33r}},
	organization = {The Linux Foundation},
	year = {2021},
	note = {\url{https://github.com/kubernetes-client/python}},
}

@Manual{configparser,
	title = {configparser — Configuration file parser},
	organization = {Python Software Foundation.},
	month = {Május},
	year = {2021},
	note = {\url{https://docs.python.org/3.8/library/configparser.html}},
}

@Manual{argparse,
	title = {argparse — Parser for command-line options, arguments and sub-commands},
	organization = {Python Software Foundation.},
	month = {Május},
	year = {2021},
	note = {\url{https://docs.python.org/3.8/library/argparse.html}},
}

@Manual{logging,
	title = {logging — Logging facility for Python},
	organization = {Python Software Foundation.},
	month = {Május},
	year = {2021},
	note = {\url{https://docs.python.org/3.8/library/logging.html}},
}

@Manual{websocket,
	title = {WebSocket Client Documentation},
	author = {\url{https://github.com/engn33r}},
	year = {2021},
	note = {\url{https://websocket-client.readthedocs.io/en/v0.58.0/}},
}

@Manual{ffmpeg,
	title = {About FFmpeg},
	organization = {FFmpeg},
	year = {2021},
	note = {\url{https://www.ffmpeg.org/about.html}},
}

@Manual{rtpsend,
	title = {RTP Tools},
	author = {Henning Schulzrinne},
	year = {2021},
	note = {\url{http://www.cs.cmu.edu/~./libra-demo/rtptools-1.17/rtptools.html}},
}

@Manual{subprocess,
	title = {subprocess — Subprocess management},
	organization = {Python Software Foundation.},
	month = {Május},
	year = {2021},
	note = {\url{https://docs.python.org/3.8/library/subprocess.html}},
}

@Manual{measure,
	title = {VOIP Call Metric Monitoring and MOS ( Mean Opinion Score)},
	author = {ALTANAI \url{https://telecom.altanai.com/author/altanai/}},
	month = {Áprlis},
	year = {2018},
	note = {\url{https://telecom.altanai.com/2018/04/17/voip-call-metric-monitoring/}},
}

@Manual{repo,
	title = {rtpe-controller},
	author = {Richárd Váradi},
	year = {2021},
	note = {\url{https://github.com/VidarHUN/rtpe-controller}},
}